<record><leader>00000cas a22000007a 4500</leader><controlfield tag="001">21615267</controlfield><controlfield tag="008">900529d18661867mouir ne      0    0eng d</controlfield><datafield ind1=" " ind2=" " tag="010"><subfield code="a">sn 90061653 </subfield></datafield><datafield ind1=" " ind2=" " tag="040"><subfield code="a">MQN</subfield><subfield code="b">eng</subfield><subfield code="c">MQN</subfield><subfield code="d">OCLCQ</subfield></datafield><datafield ind1=" " ind2=" " tag="042"><subfield code="a">msc</subfield></datafield><datafield ind1="0" ind2="0" tag="245"><subfield code="a">Tri-weekly patriot.</subfield></datafield><datafield ind1=" " ind2=" " tag="260"><subfield code="a">Springfield, Mo. :</subfield><subfield code="b">Teed &amp; Shipley,</subfield><subfield code="c">1866-1867.</subfield></datafield><datafield ind1=" " ind2=" " tag="300"><subfield code="a">v.</subfield></datafield><datafield ind1=" " ind2=" " tag="310"><subfield code="a">Triweekly</subfield></datafield><datafield ind1="0" ind2=" " tag="362"><subfield code="a">Vol. 1, no. 79 (Dec. 13, 1866)-v. 1, no. 170 (July 23, 1867).</subfield></datafield><datafield ind1=" " ind2="4" tag="651"><subfield code="a">Springfield (Mo.)</subfield><subfield code="v">Newspapers.</subfield></datafield><datafield ind1=" " ind2=" " tag="752"><subfield code="a">United States</subfield><subfield code="b">Missouri</subfield><subfield code="c">Greene</subfield><subfield code="d">Springfield.</subfield></datafield><datafield ind1="0" ind2=" " tag="775"><subfield code="t">Missouri weekly patriot (Springfield, Mo.)</subfield><subfield code="w">(DLC)sn 85034130</subfield></datafield><datafield ind1="0" ind2="0" tag="780"><subfield code="t">Missouri daily patriot</subfield><subfield code="w">(DLC)sn 90061652</subfield></datafield><datafield ind1="0" ind2="0" tag="785"><subfield code="t">Semi-weekly patriot</subfield><subfield code="w">(DLC)sn 90061654</subfield></datafield><datafield ind1="1" ind2=" " tag="029"><subfield code="a">AU@</subfield><subfield code="b">000025853649</subfield></datafield></record>